@online{2007.02471,
  author     = {Mohammad Zalbagi Darestani and Reinhard Heckel},
  title      = {Accelerated MRI with Un-trained Neural Networks},
  year       = {2020},
  eprint     = {2007.02471},
  eprinttype = {arXiv}
}

@article{1711.10925,
  author     = {Dmitry Ulyanov and Andrea Vedaldi and Victor Lempitsky},
  title      = {Deep Image Prior},
  year       = {2017},
  eprint     = {1711.10925},
  eprinttype = {arXiv},
  doi        = {10.1007/s11263-020-01303-4}
}

@online{1806.06438,
  author     = {Dave Van Veen and Ajil Jalal and Mahdi Soltanolkotabi and Eric Price and Sriram Vishwanath and Alexandros G. Dimakis},
  title      = {Compressed Sensing with Deep Image Prior and Learned Regularization},
  year       = {2018},
  eprint     = {1806.06438},
  eprinttype = {arXiv}
}

@online{1910.01684,
  author     = {Jaejun Yoo and Kyong Hwan Jin and Harshit Gupta and Jerome Yerly and Matthias Stuber and Michael Unser},
  title      = {Time-Dependent Deep Image Prior for Dynamic MRI},
  year       = {2019},
  eprint     = {1910.01684},
  eprinttype = {arXiv}
}

@online{1810.03982,
  Author = {Reinhard Heckel and Paul Hand},
  Title = {Deep Decoder: Concise Image Representations from Untrained Non-convolutional Networks},
  Year = {2018},
  Eprint = {1810.03982},
  Eprinttype = {arXiv},
}
